<record><leader>00000cas a2200000 a 4500</leader><controlfield tag="001">28094857</controlfield><controlfield tag="008">930512d19121914iluwr ne      0   a0eng c</controlfield><datafield ind1=" " ind2=" " tag="010"><subfield code="a">sn 93055882 </subfield></datafield><datafield ind1=" " ind2=" " tag="040"><subfield code="a">NVF</subfield><subfield code="b">eng</subfield><subfield code="c">NVF</subfield><subfield code="d">NVF</subfield><subfield code="d">OCLCQ</subfield><subfield code="d">OCLCF</subfield><subfield code="d">NVF</subfield><subfield code="d">OCLCO</subfield></datafield><datafield ind1="1" ind2=" " tag="029"><subfield code="a">AU@</subfield><subfield code="b">000020743664</subfield></datafield><datafield ind1=" " ind2=" " tag="042"><subfield code="a">pcc</subfield></datafield><datafield ind1=" " ind2=" " tag="043"><subfield code="a">n-us-il</subfield></datafield><datafield ind1="0" ind2="4" tag="245"><subfield code="a">The Lincoln times-herald.</subfield></datafield><datafield ind1="3" ind2=" " tag="246"><subfield code="a">Lincoln times herald</subfield></datafield><datafield ind1=" " ind2=" " tag="260"><subfield code="a">Lincoln, Ill. :</subfield><subfield code="b">Courier-Herald Pub. Co.,</subfield><subfield code="c">1912-1914.</subfield></datafield><datafield ind1=" " ind2=" " tag="300"><subfield code="a">v.</subfield></datafield><datafield ind1=" " ind2=" " tag="310"><subfield code="a">Weekly,</subfield><subfield code="b">Feb. 27, 1913-Dec. 31, 1914</subfield></datafield><datafield ind1=" " ind2=" " tag="321"><subfield code="a">Semiweekly,</subfield><subfield code="b">Nov. 5, 1912-Feb. 21, 1913</subfield></datafield><datafield ind1="0" ind2=" " tag="362"><subfield code="a">Nov. 5, 1912-Dec. 31, 1914.</subfield></datafield><datafield ind1=" " ind2=" " tag="580"><subfield code="a">Daily eds.: Lincoln daily courier (Lincoln, Ill. : 1889), 1912-1913, and: Lincoln morning courier, 1913-1914, and: Daily news-herald (Lincoln, Ill.).</subfield></datafield><datafield ind1=" " ind2=" " tag="580"><subfield code="a">Formed by the union of: Lincoln herald (Lincoln, Ill.) and: Lincoln times-courier.</subfield></datafield><datafield ind1=" " ind2="0" tag="651"><subfield code="a">Lincoln (Ill.)</subfield><subfield code="v">Newspapers.</subfield></datafield><datafield ind1=" " ind2="7" tag="651"><subfield code="a">Illinois</subfield><subfield code="z">Lincoln.</subfield><subfield code="2">fast</subfield><subfield code="0">(OCoLC)fst01225922</subfield></datafield><datafield ind1=" " ind2="7" tag="655"><subfield code="a">Newspapers.</subfield><subfield code="2">fast</subfield><subfield code="0">(OCoLC)fst01423814</subfield></datafield><datafield ind1=" " ind2=" " tag="752"><subfield code="a">United States</subfield><subfield code="b">Illinois</subfield><subfield code="c">Logan</subfield><subfield code="d">Lincoln.</subfield></datafield><datafield ind1="1" ind2=" " tag="775"><subfield code="t">Lincoln daily courier (Lincoln, Ill. : 1889)</subfield><subfield code="w">(DLC)sn 87082768</subfield><subfield code="w">(OCoLC)15871668</subfield></datafield><datafield ind1="1" ind2=" " tag="775"><subfield code="t">Lincoln morning courier</subfield><subfield code="w">(DLC)sn 93055885</subfield><subfield code="w">(OCoLC)28095994</subfield></datafield><datafield ind1="1" ind2=" " tag="775"><subfield code="t">Daily news-herald (Lincoln, Ill.)</subfield><subfield code="w">(DLC)sn 87082771</subfield><subfield code="w">(OCoLC)15871826</subfield></datafield><datafield ind1="1" ind2="4" tag="780"><subfield code="t">Lincoln herald (Lincoln, Ill.)</subfield><subfield code="w">(DLC)sn 87082294</subfield><subfield code="w">(OCoLC)15260428</subfield></datafield><datafield ind1="1" ind2="4" tag="780"><subfield code="t">Lincoln times-courier</subfield><subfield code="w">(DLC)sn 93055881</subfield><subfield code="w">(OCoLC)28094803</subfield></datafield><datafield ind1="0" ind2="0" tag="785"><subfield code="t">Weekly courier-herald (Lincoln, Ill.)</subfield><subfield code="w">(DLC)sn 93055883</subfield><subfield code="w">(OCoLC)28094911</subfield></datafield></record>